@book{stewart,
    author    = {James Stewart},
    title     = {Calculus},
    year      = {2012},
    publisher = {Brooks/Cole},
    edition   = {7th}
}

@book{favero,
    author    = {Luiz Paulo Fávero and Patricia Belfiore},
    title     = {Manual de Análise de Dados: Estatística e Machine Learning com
                 Excel, SPSS, Stata, R e Pyhton},
    year      = {2025},
    publisher = {LTC},
    edition   = {2ª ed.},
    isbn      = {978-85-9515-993-8}
}

@book{maroco,
    author    = {João Maroco},
    title     = {Análise Estatística com o SPSS Statistics},
    year      = {2014},
    publisher = {Edições Sílabo},
    edition   = {6ª ed.}
}

@book{larson,
    author    = {Ron Larson and Betsy Farber},
    title     = {Estatística Aplicada},
    year      = {2016},
    publisher = {Pearson},
    edition   = {6ª ed.},
    isbn      = {978-85-4301-811-9}
}
